
@inproceedings{van1996variations,
  title={Variations on Sweep Algorithms: Efficient
computation of extended viewsheds and class intervals.},
  author={Van Kreveld, Marc},
  booktitle={Proceedings of the 7th International Symposium on Spatial Data Handling},
  year={1996},
  pages={13A.15-13A.27},
  note={Delft, Netherlands}
}

@article{fisher1993algorithm,
  title={Algorithm and implementation uncertainty in viewshed analysis},
  author={Fisher, Peter F},
  journal={International Journal of Geographical Information Science},
  volume={7},
  number={4},
  pages={331--347},
  year={1993},
  publisher={Taylor \& Francis}
}