@ARTICLE{vanKrev,
AUTHOR="Marc van Kreveld",
TITLE="{Variations on Sweep Algorithms: Efficient computation of extended viewsheds and class intervals}",
JOURNAL="{Proceedings of the 7th International Symposium on Spatial Data Handling}",
PAGES="13A.15-13A.27",
YEAR=1996
}
@ARTICLE{Fisher,
AUTHOR="Peter F. Fisher",
TITLE="{Algorithm and implementation uncertainty in viewshed analysis}",
JOURNAL="{International Journal of Geographical Information Science}",
VOLUME="7",
ISSUE="4",
PAGES="331-347",
YEAR=1993
}
@misc{salzburg,
AUTHOR="{Salzburger Geographisches Informationssystem}",
TITLE="{Airborne-Laserscanning-Daten des Salzburger Lands}",
HOWPUBLISHED = "\url{http://www.salzburg.gv.at/download}",
YEAR=2015
}
@misc{berchtesgaden,
AUTHOR="{Bayerische Vermessungsverwaltung}",
TITLE="{Digitales Gel√§ndemodell}",
HOWPUBLISHED = "\url{http://vermessung.bayern.de/service/download/testdaten/dgm.html}",
YEAR=2015
}